<record><leader>00000cas a22000007a 4500</leader><controlfield tag="001">16619619</controlfield><controlfield tag="008">870831d18711872ohuwr ne      0    0eng d</controlfield><datafield ind1=" " ind2=" " tag="010"><subfield code="a">sn 87076617 </subfield></datafield><datafield ind1=" " ind2=" " tag="040"><subfield code="a">ONP</subfield><subfield code="b">eng</subfield><subfield code="c">ONP</subfield><subfield code="d">OCLCQ</subfield></datafield><datafield ind1=" " ind2=" " tag="042"><subfield code="a">msc</subfield></datafield><datafield ind1="0" ind2=" " tag="130"><subfield code="a">Galion Democrat (Galion, Ohio : 1871)</subfield></datafield><datafield ind1="1" ind2="4" tag="245"><subfield code="a">The Galion Democrat.</subfield></datafield><datafield ind1=" " ind2=" " tag="260"><subfield code="a">Galion, Ohio :</subfield><subfield code="b">John C. Covert</subfield></datafield><datafield ind1=" " ind2=" " tag="310"><subfield code="a">Weekly</subfield></datafield><datafield ind1="1" ind2=" " tag="362"><subfield code="a">Began in Sept. 1871; ceased in 1872.</subfield></datafield><datafield ind1=" " ind2=" " tag="588"><subfield code="a">Description based on: Vol. 1, no. 28 (Mar. 28, 1872).</subfield></datafield><datafield ind1=" " ind2=" " tag="752"><subfield code="a">United States</subfield><subfield code="b">Ohio</subfield><subfield code="c">Crawford</subfield><subfield code="d">Galion.</subfield></datafield><datafield ind1="0" ind2="0" tag="780"><subfield code="t">Weekly review (Galion, Ohio)</subfield><subfield code="w">(DLC)sn 85026052</subfield></datafield><datafield ind1="0" ind2="0" tag="785"><subfield code="t">Galion review (Galion, Ohio : 1872)</subfield><subfield code="w">(DLC)sn 85034504</subfield></datafield></record>